<?xml version="1.0" encoding="UTF-8"?><collection xmlns="http://www.loc.gov/MARC21/slim"><record><leader>00423nam--2200133-i-4500</leader><controlfield tag="001">000046985</controlfield><controlfield tag="002">20161230</controlfield><controlfield tag="005">20161230201046</controlfield><controlfield tag="008">060222s1000------------r-----000-0-eng-d</controlfield><datafield ind1=" " ind2=" " tag="080"><subfield code="a">551.5</subfield></datafield><datafield ind1=" " ind2=" " tag="100"><subfield code="a">Wayman, John H</subfield></datafield><datafield ind1=" " ind2=" " tag="245"><subfield code="a">The earths weather or meteorology. discoveries and method in fuell explantation and exemplification. wayman`s weather charts</subfield></datafield><datafield ind1=" " ind2=" " tag="260"><subfield code="a">Pittsburgh, Pa, John H.Wayman, 1924, 150p</subfield></datafield><datafield ind1=" " ind2=" " tag="852"><subfield code="a">47573</subfield></datafield></record></collection>